@article{reyzin2016improving,
  title={Improving Authenticated Dynamic Dictionaries, with Applications to Cryptocurrencies.},
  author={Reyzin, Leonid and Meshkov, Dmitry and Chepurnoy, Alexander and Ivanov, Sasha},
  journal={IACR Cryptology ePrint Archive},
  volume={2016},
  pages={994},
  year={2016}
}

@inproceedings{merkle1989certified,
  title={A certified digital signature},
  author={Merkle, Ralph C},
  booktitle={Conference on the Theory and Application of Cryptology},
  pages={218--238},
  year={1989},
  organization={Springer}
}

@inproceedings{kiayias2017ouroboros,
  title={Ouroboros: A provably secure proof-of-stake blockchain protocol},
  author={Kiayias, Aggelos and Russell, Alexander and David, Bernardo and Oliynykov, Roman},
  booktitle={Annual International Cryptology Conference},
  pages={357--388},
  year={2017},
  organization={Springer}
}

@article{wood2014ethereum,
  title={Ethereum: A secure decentralised generalised transaction ledger},
  author={Wood, Gavin},
  journal={Ethereum Project Yellow Paper},
  volume={151},
  year={2014}
}

@misc{nakamoto2008bitcoin,
  title={Bitcoin: A peer-to-peer electronic cash system},
  author={Nakamoto, Satoshi},
  year={2008}
}

@article{kwon2014tendermint,
  title={Tendermint: Consensus without mining},
  author={Kwon, Jae},
  journal={Draft v. 0.6, fall},
  year={2014}
}

@inproceedings{cachin2016architecture,
  title={Architecture of the Hyperledger blockchain fabric},
  author={Cachin, Christian},
  booktitle={Workshop on Distributed Cryptocurrencies and Consensus Ledgers},
  year={2016}
}

@article{devine2015blockchain,
  title={Blockchain learning: can crypto-currency methods be appropriated to enhance online learning?},
  author={Devine, Peter},
  year={2015}
}

@book{swan2015blockchain,
  title={Blockchain: Blueprint for a new economy},
  author={Swan, Melanie},
  year={2015},
  publisher={O'Reilly Media, Inc.}
}

@misc{Kadena,
  title = {Kadena: Scalable blockchain},
  howpublished = "\url{https://kadena.io/}"
}

@misc{SGE,
  title = {Sony Global Education},
  howpublished = "\url{https://www.sonyged.com/}"
}

@misc{Plutus,
  author = {McAdams, Darryl},
  title = {Formal Specification of the Plutus Language},
  howpublished = "\url{https://github.com/input-output-hk/plutus-prototype/blob/master/docs/spec/Formal\%20Specification\%20of\%20the\%20Plutus\%20Language\%20-\%20McAdams.pdf}"
}

@article{bentov2017instantaneous,
  title={Instantaneous Decentralized Poker},
  author={Bentov, Iddo and Kumaresan, Ranjit and Miller, Andrew},
  journal={arXiv preprint arXiv:1701.06726},
  year={2017}
}

